
@article{AProcessModification,
    author        = {W. Snoeys et al.},
    title         = {A process modification for CMOS monolithic active pixel sensors for enhanced depletion, timing performance and radiation tolerance},
    year          = {2017},
    DOI           = {https://doi.org/10.1016/j.nima.2017.07.046}
}

@article{ALPIDE-FE,
    author        = {D. Kim et al},
    title         = {Front end optimization for the monolithic active pixel sensor of the ALICE Inner Tracking System upgrade},
    year          = {2016},
    journal = "JINST",
    DOI           = {doi:10.1088/1748-0221/11/02/C02042}
}